<?xml version="1.0" encoding="UTF-8"?><collection><record><leader>05524ntm a2200565 a 4500</leader><controlfield tag="001">006806201</controlfield><controlfield tag="003">MiAaHDL</controlfield><controlfield tag="005">20190719000000.0</controlfield><controlfield tag="006">m        d        </controlfield><controlfield tag="007">cr bn ---auaua</controlfield><controlfield tag="008">090602q15511590xx            00| ||ara d</controlfield><datafield tag="035" ind1=" " ind2=" "><subfield code="a">(MiU)006806201</subfield></datafield><datafield tag="035" ind1=" " ind2=" "><subfield code="a">sdr-miu006806201</subfield></datafield><datafield tag="040" ind1=" " ind2=" "><subfield code="a">MiU</subfield><subfield code="c">MiU</subfield><subfield code="e">amremm</subfield></datafield><datafield tag="043" ind1=" " ind2=" "><subfield code="a">n-us-mi</subfield></datafield><datafield tag="100" ind1="1" ind2=" "><subfield code="6">880-01</subfield><subfield code="a">Shaykhʹzādah, Muḥammad ibn Muṣṭafá,</subfield><subfield code="d">-1544 or 1545.</subfield></datafield><datafield tag="240" ind1="1" ind2="0"><subfield code="6">880-02</subfield><subfield code="a">Ḥāshiyat Shaykhʻzādah ʻalá al-Bayḍāwī.</subfield><subfield code="n">Jild 5</subfield></datafield><datafield tag="245" ind1="1" ind2="3"><subfield code="6">880-03</subfield><subfield code="a">[al-Jild al-khāmis min Ḥāshiyat Shaykhʻzādah ʻalá al-Bayḍāwī,</subfield><subfield code="f">958, i.e. 1551 or 998, i.e. 1590].</subfield></datafield><datafield tag="246" ind1="3" ind2=" "><subfield code="i">Edge title (tail):</subfield><subfield code="a">الجلد الخامس من تفسير شيخ زاده</subfield></datafield><datafield tag="260" ind1=" " ind2=" "><subfield code="c">[1551 or 1590?].</subfield></datafield><datafield tag="300" ind1=" " ind2=" "><subfield code="a">260 leaves :</subfield><subfield code="b">paper ;</subfield><subfield code="c">215 x 162 (150 x 105) mm.</subfield></datafield><datafield tag="500" ind1=" " ind2=" "><subfield code="a">Shelfmark: Ann Arbor, University of Michigan, Special Collections Library, Isl. Ms. 463 v.5</subfield></datafield><datafield tag="500" ind1=" " ind2=" "><subfield code="a">Origin: As appears in colophon on p.512, transcription completed in the second tenth of Jumādá I 958 [1551] or 998 [1590]. The second numeral of the date may have been tampered with as it appears that the numeral ٥ covers what may be a numeral ٩ ; it is conceivable that the copyist mistakenly repeated the initial numeral ٩ and then made a correction, or that another person made this change.</subfield></datafield><datafield tag="500" ind1=" " ind2=" "><subfield code="a">Accompanying materials: Scrap of paper paginated pp.431-432.</subfield></datafield><datafield tag="500" ind1=" " ind2=" "><subfield code="a">Former shelfmark: From inner front cover and spine label, "IL 91 V" (likely supplied by Yahuda, see acquisitions slip in Isl. Ms. 463 v.2).</subfield></datafield><datafield tag="500" ind1=" " ind2=" "><subfield code="a">Binding: Pasteboards now covered in green-blue paper-backed cloth over dark brown leather with tan leather over spine and fore edge flap ; Type II binding (with flap though envelop flap now lost) ; board linings in dull yellow paper ; sewn in dark pink thread, two stations ; worked chevron endbands in cream and dull pink, damaged ; overall in poor condition with envelope flap lost, lifting and losses of cloth (particularly at spine), abrasion, staining, etc. ; housed in box for protection.</subfield></datafield><datafield tag="500" ind1=" " ind2=" "><subfield code="a">Support: European laid paper with 10 laid lines per cm. (vertical), chain lines spaced 32 mm. apart (horizontal), and anchor in circle with star above watermark (see p.6, etc.) ; crisp and sturdy, well-burnished to glossy ; some staining.</subfield></datafield><datafield tag="500" ind1=" " ind2=" "><subfield code="a">Decoration: Section headings and keywords rubricated ; written area surrounded by red rule-border.</subfield></datafield><datafield tag="500" ind1=" " ind2=" "><subfield code="a">Script: Naskh ; a fine Eastern Turkish (Anatolian) or 'Syrian' hand ; serifless with effect of tilt to the right, exaggerated thickness and elongation of horizontal strokes, many closed counters, pointing mainly in distinct dots, some free assimilation of letters, kāf mashkūlah (mashqūqah) preferred (even final kāf), final alif curves to the right.</subfield></datafield><datafield tag="500" ind1=" " ind2=" "><subfield code="a">Layout: Written in 21 lines per page.</subfield></datafield><datafield tag="500" ind1=" " ind2=" "><subfield code="a">Collation: i, 2 V(20), IV (28), 6 V(88), IV+1 (97), 15 V(247), IV (255), II+1 (260), i ; chiefly quinions ; catchwords present ; foliation in black ink, Hindu-Arabic numerals ; pagination in pencil, Western numerals, supplied during digitization (includes flyleaves and insert, skips two pages each between pp.281-282 and pp.285-286).</subfield></datafield><datafield tag="500" ind1=" " ind2=" "><subfield code="a">Colophon: "Scribal," reads "ووقع الفراغ من هذا الجلد يوم السبت المبارك في العشر الثاني من جمادى الاول سنة ۹٥٨"</subfield></datafield><datafield tag="500" ind1=" " ind2=" "><subfield code="a">Explicit: "مثل صوت ما يركز في الارض تم ما يتعلق بسورة مريم يتلوه سورة طه عليه السلام"</subfield></datafield><datafield tag="500" ind1=" " ind2=" "><subfield code="a">Incipit: "سورة ابراهيم عليه السلام مكية وهي احدى وخمسون اية قوله هو كتاب اما على تقدير ان يكون الر اسما للسورة ويكون التقدير هذه الر ثم استأنف قوله هو كتاب اشارة الى فخامة شأنها وعظم قدره ..."</subfield></datafield><datafield tag="500" ind1=" " ind2=" "><subfield code="a">Title supplied by cataloguer.</subfield></datafield><datafield tag="500" ind1=" " ind2=" "><subfield code="a">Ms. codex.</subfield></datafield><datafield tag="510" ind1="4" ind2=" "><subfield code="a">Ḥājjī Khalīfah. Kashf al-ẓunūn,</subfield><subfield code="c">I 473-4</subfield></datafield><datafield tag="510" ind1="4" ind2=" "><subfield code="a">Brockelmann, C. GAL</subfield><subfield code="c">I 417 (I. / no. 12) ; S I 739 ; S II 650</subfield></datafield><datafield tag="520" ind1="8" ind2=" "><subfield code="a">Careful copy of the fifth of seven volumes (v.1 and v.4 now lacking) of the commentary by Shaykhʻzādah Muḥammad ibn Muṣṭafá al-Qūjawī (d.1544 or 5) upon al-Bayḍāwī's commentary on the Qurʼān, Anwār al-tanzīl wa-asrār al-taʼwīl, covering Sūrat Ibrāhīm (14) through Sūrat Maryam (19). Contents listing on blank opening leaf of first quire (p.1).</subfield></datafield><datafield tag="538" ind1=" " ind2=" "><subfield code="a">Mode of access: Internet.</subfield></datafield><datafield tag="541" ind1=" " ind2=" "><subfield code="a">Acquired in 1926 from the bookseller Isaac Benjamin S.E. Yahuda via purchase transacted on his behalf by Abraham Shalom Yahuda (1877-1951), his younger brother.</subfield></datafield><datafield tag="546" ind1=" " ind2=" "><subfield code="a">Arabic.</subfield></datafield><datafield tag="561" ind1=" " ind2=" "><subfield code="a">Glosses and marginal corrections ; occasional notabilia.</subfield></datafield><datafield tag="600" ind1="1" ind2="0"><subfield code="a">Bayḍāwī, ʻAbd Allāh ibn ʻUmar,</subfield><subfield code="d">-1286?</subfield><subfield code="t">Anwār al-tanzīl wa-asrār al-taʼwīl.</subfield></datafield><datafield tag="630" ind1="0" ind2="0"><subfield code="a">Qurʼan</subfield><subfield code="x">Commentaries</subfield><subfield code="v">Early works to 1800.</subfield></datafield><datafield tag="650" ind1=" " ind2="0"><subfield code="a">Manuscripts, Arabic</subfield><subfield code="z">Michigan</subfield><subfield code="z">Ann Arbor.</subfield></datafield><datafield tag="773" ind1="0" ind2=" "><subfield code="a">Yahuda Collection.</subfield></datafield><datafield tag="880" ind1="1" ind2="2"><subfield code="6">245-03/</subfield><subfield code="a">[الجلد الخامس من حاشية شيخ زاده على البيضاوي,</subfield><subfield code="f">985ه، 1551م او 998ه، 1590م].</subfield></datafield><datafield tag="880" ind1="1" ind2="0"><subfield code="6">240-02/</subfield><subfield code="a">حاشية شيخ زاده على البيضاوي.</subfield><subfield code="n">جلد 5</subfield></datafield><datafield tag="880" ind1="1" ind2=" "><subfield code="6">100-01/</subfield><subfield code="a">شيخ زاده، محمد بن مصطفى القوجوي.</subfield></datafield><datafield tag="CID" ind1=" " ind2=" "><subfield code="a">006806201</subfield></datafield><datafield tag="DAT" ind1="0" ind2=" "><subfield code="a">20190719102637.0</subfield><subfield code="b">20190719000000.0</subfield></datafield><datafield tag="DAT" ind1="1" ind2=" "><subfield code="a">20190719090653.0</subfield><subfield code="b">2019-07-19T16:11:41Z</subfield></datafield><datafield tag="DAT" ind1="2" ind2=" "><subfield code="a">2015-10-02T18:00:03Z</subfield></datafield><datafield tag="CAT" ind1=" " ind2=" "><subfield code="a">SDR-MIU</subfield><subfield code="d">EX LIBRIS - ALEPH</subfield><subfield code="l">prepare.pl-004-008</subfield></datafield><datafield tag="FMT" ind1=" " ind2=" "><subfield code="a">BK</subfield></datafield><datafield tag="HOL" ind1=" " ind2=" "><subfield code="0">sdr-miu006806201</subfield><subfield code="a">MiU</subfield><subfield code="b">SDR</subfield><subfield code="c">MIU</subfield><subfield code="p">mdp.39015079127679</subfield><subfield code="s">MIU</subfield><subfield code="1">006806201</subfield></datafield><datafield tag="974" ind1=" " ind2=" "><subfield code="b">MIU</subfield><subfield code="c">MIU</subfield><subfield code="d">20190719</subfield><subfield code="s">lit-dlps-dc</subfield><subfield code="u">mdp.39015079127679</subfield><subfield code="y">1590</subfield><subfield code="r">pd</subfield><subfield code="q">bib</subfield><subfield code="t">non-US bib date2 &lt; 1896</subfield></datafield></record></collection>